@article{oldroyd1986,
  title={Charles Darwin's theory of evolution: a review of our present understanding},
  author={Oldroyd, David R},
  journal={Biology and Philosophy},
  volume={1},
  number={2},
  pages={133--168},
  year={1986},
  publisher={Springer}
}

@misc{axelrodproject,
  author       = {{ {The Axelrod project developers} }},
  title        = {Axelrod: <RELEASE TITLE>},
  month        = apr,
  year         = 2016,
  doi          = {<DOI INFORMATION>},
  url          = {http://dx.doi.org/10.5281/zenodo.<DOI NUMBER>}
}